@Inbook{Brasselet2013,
    author="Brasselet, Sophie
    and Ferrand, Patrick
    and Kress, Alla
    and Wang, Xiao
    and Ranchon, Hubert
    and Gasecka, Alicja",
    title="Imaging Molecular Order in Cell Membranes by Polarization-Resolved Fluorescence Microscopy",
    bookTitle="Fluorescent Methods to Study Biological Membranes",
    year="2013",
    publisher="Springer Berlin Heidelberg",
    address="Berlin, Heidelberg",
    pages="311--337",
    abstract="The use of light polarization properties in the analysis of fluorescence images has driven a large amount of research toward the measurement of orientational behavior of molecules in cells, in particular in their membranes. This field has been recently revisited to enlarge the possibilities of polarization-resolved fluorescence microscopy. We show that this technique allows retrieving a wealth of information on the constraints that hinder rotational mobility of lipid probes and proteins in membranes, bringing thus new insights on inter-proteins and lipid-protein interactions, on membrane morphology at the sub-diffraction length scale and on local membrane physical properties such as viscosity.",
    isbn="978-3-642-33128-2",
    doi="10.1007/4243_2012_51"
}

@book{Lakowicz2006,
	author = {Lakowicz, Joseph R.},
	title = {Principles of fluorescence spectroscopy},
	publisher = {Springer},
	year = {2006},
	edition = {Third edition}
}

@inbook{molbio,
  author       = {Bruce Alberts and Alexander Johnson and Julian Lewis and Martin Raff and Keith Roberts and Peter Walter}, 
  title        = {Molecular Biology of the Cell, Chapter 24: The Cytoskeleton},
  chapter      = 16,
  publisher    = {Garland Science},
  year         = 2015
}

@article{Perrin1926,
  title={Polarisation de la lumi{\`e}re de fluorescence. Vie moyenne des mol{\'e}cules dans l'etat excit{\'e}},
  author={Perrin, Francis},
  journal={Journal de Physique et le Radium},
  volume={7},
  number={12},
  pages={390--401},
  year={1926},
  publisher={Soci{\'e}t{\'e} Fran{\c{c}}aise de Physique}
}

@book{Alberts2018,
  title={Molecular biology of the cell},
  author={Alberts, Bruce},
  year={2018},
  publisher={Garland Science, Taylor and Francis Group}
}

@misc{AFS2009:7,
	title={Artificiell optisk strålning, Arbetsmiljöverkets föreskrifter om artificiell optisk strålning och allmänna råd om tillämpningen av föreskrifterna},
	author={Arbetsmiljöverket},
	howpublished={\url{https://www.av.se/globalassets/filer/publikationer/foreskrifter/artificiell-optisk-stralning-foreskrifter-afs2009-7.pdf}},
	year={2019},
	note={Accessed: 2021-03-15}	
}

@misc{WHO2014,
	title={{Plague. Fact sheet N°267}},
	author={World Health Organization},
	howpublished={\url{https://web.archive.org/web/20150424065540/http://www.who.int/mediacentre/factsheets/fs267/en/}},
	year={2014},
	note={Accessed: 2021-04-27}	
}

@book{Foot,
  title={Atomic Physics},
  author={Foot, Christopher J.},
  year={2005},
  publisher={Oxford University Press}
}

@misc{Norbert,
	title={{F.~A.~Nobert's ``Interferenz-Spektrumplatte''}},
	author={Erich Steiner},
	howpublished={\url{https://www.mgw.or.at/private/arbeitsgebiete/techniken/norbertsche_spektrumplatte.htm}},
	note={Accessed: 2021-04-28}	
}

@inbook{Diaspro2006,
  author       = {Alberto Diaspro and Giuseppe Chirico and Cesare Usai and Paola Ramoino and Jurek Dobrucki }, 
  title        = {Handbook of Biological Confocal Microscopy. Third edition},
  chapter      = 39,
  publisher    = {Springer},
  year         = 2006
}
